% Encoding: UTF-8

@Article{gebraeel_2005,
  author  = {N. Z. Gebraeel and M. A. Lawley and R. Li and J. K. Ryan},
  title   = {Residual-life distributions from component degradation signals: a bayesian approach},
  journal = {IIE Transactions},
  year    = {2005},
  volume  = {37},
  number  = {6},
  pages   = {543-557},
}

@Conference{zaidan_2013,
  author    = {M.A. Zaidan and A.R. Mills and R.F. Harrison},
  title     = {Bayesian framework for aerospace gas turbine engine prognostics},
  booktitle = {Aerospace Conference},
  year      = {2013},
  editor    = {IEEE},
  pages     = {1-8},
}

@Article{zhao_2017,
  author  = {Z. Zhao and L. Bin and X. Wang and W. Lu},
  title   = {Remaining useful life prediction of aircraft engine based on degradation pattern learning},
  journal = {Reliability Engineering \& System Safety},
  year    = {2017},
  volume  = {164},
  pages   = {74-83},
}

@Article{lee_2014,
  author  = {J. Lee and F. Wu and W. Zhao and M. Ghaffari and L. Liao and D. Siegel},
  title   = {Prognostics and health management design for rotary machinery systems - Reviews, methodology and applications},
  journal = {Mechanical Systems and Signal Processing},
  year    = {2014},
  volume  = {42},
  number  = {12},
  pages   = {314-334},
}

@Article{liu_2009,
  author  = {J. Liu and G. Wang},
  title   = {A multi-state predictor with a variable input pattern for system state forecasting},
  journal = {Mechanical Systems and Sygnal Processing},
  year    = {2009},
  volume  = {23},
  number  = {5},
  pages   = {1586-1599},
}

@Article{mosallam_2013,
  author  = {A. Mosallam and K. Medjaher and N. Zerhouni},
  title   = {Nonparametric time series modelling for industrial prognostics and health management},
  journal = {The International Journal of Advanced Manufacturing Technology},
  year    = {2013},
  volume  = {69},
  number  = {5},
  pages   = {1685-1699},
}

@Article{yu_2001,
  author  = {W. Yu and H. Kuffi},
  title   = {A new stress-based fatigue life model for ball bearings},
  journal = {Tribology Transactions},
  year    = {2001},
  volume  = {44},
  number  = {1},
  pages   = {11-18},
}

@Article{pecht_2010,
  author  = {M. Pecht and Jaai},
  title   = {A prognostics and health management roadmap for information and electronics rich-systems},
  journal = {Microelectronics Reliability},
  year    = {2010},
  volume  = {50},
  number  = {3},
  pages   = {317-323},
}

@Article{liu_2012,
  author  = {J. Liu and M. Wang and Y. Yang},
  title   = {A data-model-fusion prognostic framework for dynamic system state forecasting},
  journal = {Engineering Applications of Artificial Intelligence},
  year    = {2012},
  volume  = {25},
  number  = {4},
  pages   = {814-823},
}

@Article{qian_2017,
  author  = {Y. Qian and R. Yan and R. X. Gao},
  title   = {A multi-time scale approach to remaining useful life prediction in rolling bearing},
  journal = {Mechanical Systems and Signal Processing},
  year    = {2017},
  volume  = {83},
  pages   = {549-567},
}

@Comment{jabref-meta: databaseType:bibtex;}
